

<record>
  <leader>00633nam a2200181   4500</leader>
  <controlfield tag="001">BIBLIOPAC-001070</controlfield>
  <controlfield tag="008">030701s1958    bl     f      000 0 por  </controlfield>
  <datafield tag="082" ind1="1" ind2=" ">
    <subfield code="a">279.8113</subfield>
  </datafield>
  <datafield tag="090" ind1=" " ind2=" ">
    <subfield code="a">279.8113</subfield>
    <subfield code="b">M775c</subfield>
  </datafield>
  <datafield tag="100" ind1="1" ind2=" ">
    <subfield code="a">Monteiro, Mário Ypiranga, </subfield>
    <subfield code="d">1909-</subfield>
  </datafield>
  <datafield tag="245" ind1="1" ind2="0">
    <subfield code="a">A catedral metropolitana de Manaus : </subfield>
    <subfield code="b">sua longa história / </subfield>
    <subfield code="c">Mário Ypiranga Monteiro.</subfield>
  </datafield>
  <datafield tag="260" ind1=" " ind2=" ">
    <subfield code="a">Manaus : </subfield>
    <subfield code="b">Sérgio Cardoso Ed., </subfield>
    <subfield code="c">1958.</subfield>
  </datafield>
  <datafield tag="300" ind1=" " ind2=" ">
    <subfield code="a">232 p.</subfield>
  </datafield>
  <datafield tag="490" ind1="0" ind2=" ">
    <subfield code="a">Edições planície. </subfield>
    <subfield code="p">Coleção muiraquitã</subfield>
  </datafield>
  <datafield tag="500" ind1=" " ind2=" ">
    <subfield code="a">"Subsídios para a história social do Amazonas".</subfield>
  </datafield>
  <datafield tag="650" ind1=" " ind2="4">
    <subfield code="a">Catedral Metropolitana de Manaus</subfield>
    <subfield code="x">História.</subfield>
  </datafield>
  <datafield tag="942" ind1=" " ind2=" ">
    <subfield code="c">L</subfield>
  </datafield>
  <datafield tag="999" ind1=" " ind2=" ">
    <subfield code="c">7893</subfield>
    <subfield code="d">7893</subfield>
  </datafield>
  <datafield tag="952" ind1=" " ind2=" ">
    <subfield code="0">0</subfield>
    <subfield code="1">0</subfield>
    <subfield code="2">ddc</subfield>
    <subfield code="4">0</subfield>
    <subfield code="6">AM_279_811300000000000_M775C</subfield>
    <subfield code="7">0</subfield>
    <subfield code="8">AM</subfield>
    <subfield code="9">10051</subfield>
    <subfield code="a">sdin</subfield>
    <subfield code="b">sdin</subfield>
    <subfield code="d">2016-11-23</subfield>
    <subfield code="l">0</subfield>
    <subfield code="o">AM 279.8113 M775c</subfield>
    <subfield code="p">02-0667</subfield>
    <subfield code="r">2016-11-23</subfield>
    <subfield code="w">2016-11-23</subfield>
    <subfield code="y">L</subfield>
  </datafield>
  <datafield tag="952" ind1=" " ind2=" ">
    <subfield code="0">0</subfield>
    <subfield code="1">0</subfield>
    <subfield code="2">ddc</subfield>
    <subfield code="4">0</subfield>
    <subfield code="6">AM_279_811300000000000_M775C</subfield>
    <subfield code="7">0</subfield>
    <subfield code="8">AM</subfield>
    <subfield code="9">39021</subfield>
    <subfield code="a">sdin</subfield>
    <subfield code="b">sdin</subfield>
    <subfield code="d">2018-09-24</subfield>
    <subfield code="l">0</subfield>
    <subfield code="o">AM 279.8113 M775c</subfield>
    <subfield code="p">02-0697</subfield>
    <subfield code="r">2018-09-24</subfield>
    <subfield code="w">2018-09-24</subfield>
    <subfield code="y">L</subfield>
  </datafield>
</record>