

<record>
  <leader>00588nam a2200169   4500</leader>
  <controlfield tag="001">BIBLIOPAC-007949</controlfield>
  <controlfield tag="005">20161123142246.0</controlfield>
  <controlfield tag="008">050701s1995    bl     f     0000 0 por  </controlfield>
  <datafield tag="082" ind1="1" ind2=" ">
    <subfield code="a">300.72</subfield>
  </datafield>
  <datafield tag="090" ind1=" " ind2=" ">
    <subfield code="a">300.72</subfield>
    <subfield code="b">F981p</subfield>
  </datafield>
  <datafield tag="110" ind1="2" ind2=" ">
    <subfield code="a">Fundação Joaquim Nabuco.</subfield>
  </datafield>
  <datafield tag="245" ind1="1" ind2="0">
    <subfield code="a">Plano anual de trabalho, 1995 : </subfield>
    <subfield code="b">desenvolvimento norte-nordeste : via de acesso às aspirações de uma coletividade / </subfield>
    <subfield code="c">Fundação Joaquim Nabuco.</subfield>
  </datafield>
  <datafield tag="260" ind1=" " ind2=" ">
    <subfield code="a">Recife : </subfield>
    <subfield code="b">Fundação Joaquim Nabuco, Massanga, </subfield>
    <subfield code="c">1995.</subfield>
  </datafield>
  <datafield tag="300" ind1=" " ind2=" ">
    <subfield code="a">vii, 213 p.</subfield>
  </datafield>
  <datafield tag="610" ind1="2" ind2="4">
    <subfield code="a">Fundação Joaquim Nabuco.</subfield>
  </datafield>
  <datafield tag="942" ind1=" " ind2=" ">
    <subfield code="c">L</subfield>
  </datafield>
  <datafield tag="999" ind1=" " ind2=" ">
    <subfield code="c">14716</subfield>
    <subfield code="d">14716</subfield>
  </datafield>
  <datafield tag="952" ind1=" " ind2=" ">
    <subfield code="0">0</subfield>
    <subfield code="1">0</subfield>
    <subfield code="4">0</subfield>
    <subfield code="6">AM_300_720000000000000_F981P</subfield>
    <subfield code="7">0</subfield>
    <subfield code="8">AM</subfield>
    <subfield code="9">19767</subfield>
    <subfield code="a">sdin</subfield>
    <subfield code="b">sdin</subfield>
    <subfield code="d">2016-11-23</subfield>
    <subfield code="l">0</subfield>
    <subfield code="o">AM 300.72 F981p</subfield>
    <subfield code="p">95-0988</subfield>
    <subfield code="r">2016-11-23</subfield>
    <subfield code="w">2016-11-23</subfield>
    <subfield code="y">L</subfield>
  </datafield>
</record>